<?xml version="1.0" encoding="UTF-8"?><collection xmlns="http://www.loc.gov/MARC21/slim"><record><leader>00474nam--2200181-i-4500</leader><controlfield tag="001">000028369</controlfield><controlfield tag="002">20161230</controlfield><controlfield tag="005">20161230201037</controlfield><controlfield tag="008">060222s1000------------r-----000-0-eng-d</controlfield><datafield ind1=" " ind2=" " tag="040"><subfield code="a">IFIN-HH</subfield></datafield><datafield ind1=" " ind2=" " tag="080"><subfield code="a">538.9-405</subfield></datafield><datafield ind1="1" ind2=" " tag="100"><subfield code="a">Kittel, Charles</subfield></datafield><datafield ind1="1" ind2="0" tag="245"><subfield code="a">Introduction to solid state physics</subfield><subfield code="c">Charles kittel</subfield></datafield><datafield ind1=" " ind2=" " tag="250"><subfield code="a">Third Edition</subfield></datafield><datafield ind1=" " ind2=" " tag="260"><subfield code="a">New York</subfield><subfield code="b">John Wiley And Sons, Inc</subfield><subfield code="c">1968</subfield></datafield><datafield ind1=" " ind2=" " tag="300"><subfield code="a">648P</subfield></datafield><datafield ind1=" " ind2=" " tag="852"><subfield code="a">27459</subfield><subfield code="c">539.2</subfield></datafield><datafield ind1=" " ind2=" " tag="CAT"><subfield code="a">Sys</subfield><subfield code="c">20150220</subfield><subfield code="h">122838</subfield></datafield></record></collection>